@InProceedings{zaidan-callisonburch:2011:ACL-HLT2011a,
  author    = {Zaidan, Omar F.  and  Callison-Burch, Chris},
  title     = {Crowdsourcing Translation: Professional Quality from Non-Professionals},
  booktitle = {Proceedings of the 49th Annual Meeting of the Association for Computational Linguistics: Human Language Technologies},
  year      = {2011},

  pages     = {1220--1229},
  url       = {http://www.aclweb.org/anthology/P11-1122}
}
@article{marcus1993building,
  title={Building a large annotated corpus of English: The Penn Treebank},
  author={Marcus, Mitchell P and Marcinkiewicz, Mary Ann and Santorini, Beatrice},
  journal={Computational linguistics},
  volume={19},
  number={2},
  pages={313--330},
  year={1993},
  publisher={MIT Press}
}
@article{Zaidan09zmert,
  author  = {Omar F. Zaidan},
  title   = {{Z-MERT}: A Fully Configurable Open Source Tool for Minimum Error Rate Training of Machine Translation Systems},
  journal = {The Prague Bulletin of Mathematical Linguistics},
  volume  = {91},
  pages   = {79--88},
  year    = {2009}
}
@inproceedings{och2003minimum,
  title={Minimum error rate training in statistical machine translation},
  author={Och, Franz Josef},
  booktitle={Proceedings of the 41st Annual Meeting on Association for Computational Linguistics-Volume 1},
  pages={160--167},
  year={2003},
  organization={Association for Computational Linguistics}
}
@article{hall2009weka,
  title={The WEKA data mining software: an update},
  author={Hall, Mark and Frank, Eibe and Holmes, Geoffrey and Pfahringer, Bernhard and Reutemann, Peter and Witten, Ian H},
  journal={ACM SIGKDD explorations newsletter},
  volume={11},
  number={1},
  pages={10--18},
  year={2009},
  publisher={ACM}
}
@inproceedings{sheng2008get,
  title={Get another label? improving data quality and data mining using multiple, noisy labelers},
  author={Sheng, Victor S and Provost, Foster and Ipeirotis, Panagiotis G},
  booktitle={Proceedings of the 14th ACM SIGKDD international conference on Knowledge discovery and data mining},
  pages={614--622},
  year={2008},
  organization={ACM}
}
@inproceedings{passonneau2013benefits,
  title={The benefits of a model of annotation},
  author={Passonneau, Rebecca J and Carpenter, Bob},
  booktitle={Proceedings of the 7th Linguistic Annotation Workshop and Interoperability with Discourse},
  pages={187--195},
  year={2013},
  organization={Citeseer}
}
@article{yantwo,
  title={Are Two Heads Better than One? Crowdsourced Translation via a Two-Step Collaboration of Non-Professional Translators and Editors},
  author={Yan, Rui and Gao, Mingkun and Pavlick, Ellie and Callison-Burch, Chris}
}

