@InProceedings{zaidan-callisonburch:2011:ACL-HLT2011a,
  author    = {Zaidan, Omar F.  and  Callison-Burch, Chris},
  title     = {Crowdsourcing Translation: Professional Quality from Non-Professionals},
  booktitle = {Proceedings of the 49th Annual Meeting of the Association for Computational Linguistics: Human Language Technologies},
  year      = {2011},

  pages     = {1220--1229},
  url       = {http://www.aclweb.org/anthology/P11-1122}
}
@article{marcus1993building,
  title={Building a large annotated corpus of English: The Penn Treebank},
  author={Marcus, Mitchell P and Marcinkiewicz, Mary Ann and Santorini, Beatrice},
  journal={Computational linguistics},
  volume={19},
  number={2},
  pages={313--330},
  year={1993},
  publisher={MIT Press}
}
@article{Zaidan09zmert,
  author  = {Omar F. Zaidan},
  title   = {{Z-MERT}: A Fully Configurable Open Source Tool for Minimum Error Rate Training of Machine Translation Systems},
  journal = {The Prague Bulletin of Mathematical Linguistics},
  volume  = {91},
  pages   = {79--88},
  year    = {2009}
}
@inproceedings{och2003minimum,
  title={Minimum error rate training in statistical machine translation},
  author={Och, Franz Josef},
  booktitle={Proceedings of the 41st Annual Meeting on Association for Computational Linguistics-Volume 1},
  pages={160--167},
  year={2003},
  organization={Association for Computational Linguistics}
}
@article{hall2009weka,
  title={The WEKA data mining software: an update},
  author={Hall, Mark and Frank, Eibe and Holmes, Geoffrey and Pfahringer, Bernhard and Reutemann, Peter and Witten, Ian H},
  journal={ACM SIGKDD explorations newsletter},
  volume={11},
  number={1},
  pages={10--18},
  year={2009},
  publisher={ACM}
}
@inproceedings{sheng2008get,
  title={Get another label? improving data quality and data mining using multiple, noisy labelers},
  author={Sheng, Victor S and Provost, Foster and Ipeirotis, Panagiotis G},
  booktitle={Proceedings of the 14th ACM SIGKDD international conference on Knowledge discovery and data mining},
  pages={614--622},
  year={2008},
  organization={ACM}
}
@inproceedings{passonneau2013benefits,
  title={The benefits of a model of annotation},
  author={Passonneau, Rebecca J and Carpenter, Bob},
  booktitle={Proceedings of the 7th Linguistic Annotation Workshop and Interoperability with Discourse},
  pages={187--195},
  year={2013},
  organization={Citeseer}
}
@article{yantwo,
  title={Are Two Heads Better than One? Crowdsourced Translation via a Two-Step Collaboration of Non-Professional Translators and Editors},
  author={Yan, Rui and Gao, Mingkun and Pavlick, Ellie and Callison-Burch, Chris}
}
@inproceedings{snow2008,
  title={Cheap and fast---but is it good?: evaluating non-expert annotations for natural language tasks},
  author={Snow, Rion and O'Connor, Brendan and Jurafsky, Daniel and Ng, Andrew Y},
  booktitle={Proceedings of the conference on empirical methods in natural language processing},
  pages={254--263},
  year={2008},
  organization={Association for Computational Linguistics}
}
@inproceedings{callison-burch-dredze2010,
  title={Creating speech and language data with Amazon's Mechanical Turk},
  author={Callison-Burch, Chris and Dredze, Mark},
  booktitle={Proceedings of the NAACL HLT 2010 Workshop on Creating Speech and Language Data with Amazon's Mechanical Turk},
  pages={1--12},
  year={2010},
  organization={Association for Computational Linguistics}
}
@article{lin2014re,
  title={To Re (label), or Not To Re (label)},
  author={Lin, Christopher H and Mausam and Weld, Daniel S},
  year={2014}
}
@inproceedings{novotney2010cheap,
  title={Cheap, fast and good enough: Automatic speech recognition with non-expert transcription},
  author={Novotney, Scott and Callison-Burch, Chris},
  booktitle={Human Language Technologies: The 2010 Annual Conference of the North American Chapter of the Association for Computational Linguistics},
  pages={207--215},
  year={2010},
  organization={Association for Computational Linguistics}
}
@inproceedings{callison2006improved,
  title={Improved statistical machine translation using paraphrases},
  author={Callison-Burch, Chris and Koehn, Philipp and Osborne, Miles},
  booktitle={Proceedings of the main conference on Human Language Technology Conference of the North American Chapter of the Association of Computational Linguistics},
  pages={17--24},
  year={2006},
  organization={Association for Computational Linguistics}
}
@inproceedings{post2012constructing,
  title={Constructing parallel corpora for six indian languages via crowdsourcing},
  author={Post, Matt and Callison-Burch, Chris and Osborne, Miles},
  booktitle={Proceedings of the Seventh Workshop on Statistical Machine Translation},
  pages={401--409},
  year={2012},
  organization={Association for Computational Linguistics}
}
@inproceedings{zbib2012machine,
  title={Machine translation of Arabic dialects},
  author={Zbib, Rabih and Malchiodi, Erika and Devlin, Jacob and Stallard, David and Matsoukas, Spyros and Schwartz, Richard and Makhoul, John and Zaidan, Omar F and Callison-Burch, Chris},
  booktitle={Proceedings of the 2012 Conference of the North American Chapter of the Association for Computational Linguistics: Human Language Technologies},
  pages={49--59},
  year={2012},
  organization={Association for Computational Linguistics}
}
@inproceedings{zbib2013systematic,
  title={Systematic Comparison of Professional and Crowdsourced Reference Translations for Machine Translation.},
  author={Zbib, Rabih and Markiewicz, Gretchen and Matsoukas, Spyros and Schwartz, Richard M and Makhoul, John},
  booktitle={HLT-NAACL},
  pages={612--616},
  year={2013}
}
@inproceedings{papineni2002bleu,
  title={BLEU: a method for automatic evaluation of machine translation},
  author={Papineni, Kishore and Roukos, Salim and Ward, Todd and Zhu, Wei-Jing},
  booktitle={Proceedings of the 40th annual meeting on association for computational linguistics},
  pages={311--318},
  year={2002},
  organization={Association for Computational Linguistics}
}
